%YAML 1.1
%TAG !u! tag:unity3d.com,2011:
--- !u!1 &1510489636433069291
GameObject:
  m_ObjectHideFlags: 0
  m_CorrespondingSourceObject: {fileID: 0}
  m_PrefabInstance: {fileID: 0}
  m_PrefabAsset: {fileID: 0}
  serializedVersion: 6
  m_Component:
  - component: {fileID: 2381925846295984654}
  - component: {fileID: -1020157331035108491}
  - component: {fileID: -122296921162947862}
  - component: {fileID: 8283760275402601361}
  m_Layer: 0
  m_Name: Pickup_Rifle
  m_TagString: Untagged
  m_Icon: {fileID: 5721338939258241955, guid: 0000000000000000d000000000000000, type: 0}
  m_NavMeshLayer: 0
  m_StaticEditorFlags: 0
  m_IsActive: 1
--- !u!4 &2381925846295984654
Transform:
  m_ObjectHideFlags: 0
  m_CorrespondingSourceObject: {fileID: 0}
  m_PrefabInstance: {fileID: 0}
  m_PrefabAsset: {fileID: 0}
  m_GameObject: {fileID: 1510489636433069291}
  m_LocalRotation: {x: 0, y: 0, z: 0, w: 1}
  m_LocalPosition: {x: 0, y: 0, z: 0}
  m_LocalScale: {x: 1, y: 1, z: 1}
  m_Children:
  - {fileID: 3339168780341574169}
  m_Father: {fileID: 0}
  m_RootOrder: 0
  m_LocalEulerAnglesHint: {x: 0, y: 0, z: 0}
--- !u!65 &-1020157331035108491
BoxCollider:
  m_ObjectHideFlags: 0
  m_CorrespondingSourceObject: {fileID: 0}
  m_PrefabInstance: {fileID: 0}
  m_PrefabAsset: {fileID: 0}
  m_GameObject: {fileID: 1510489636433069291}
  m_Material: {fileID: 0}
  m_IsTrigger: 1
  m_Enabled: 1
  serializedVersion: 2
  m_Size: {x: 1, y: 1, z: 1}
  m_Center: {x: 0, y: 0.5, z: 0}
--- !u!54 &-122296921162947862
Rigidbody:
  m_ObjectHideFlags: 0
  m_CorrespondingSourceObject: {fileID: 0}
  m_PrefabInstance: {fileID: 0}
  m_PrefabAsset: {fileID: 0}
  m_GameObject: {fileID: 1510489636433069291}
  serializedVersion: 2
  m_Mass: 1
  m_Drag: 0
  m_AngularDrag: 0.05
  m_UseGravity: 0
  m_IsKinematic: 1
  m_Interpolate: 0
  m_Constraints: 0
  m_CollisionDetection: 0
--- !u!114 &8283760275402601361
MonoBehaviour:
  m_ObjectHideFlags: 0
  m_CorrespondingSourceObject: {fileID: 0}
  m_PrefabInstance: {fileID: 0}
  m_PrefabAsset: {fileID: 0}
  m_GameObject: {fileID: 1510489636433069291}
  m_Enabled: 1
  m_EditorHideFlags: 0
  m_Script: {fileID: 11500000, guid: 4bffb1311779ed346a19fef7c9fa65ea, type: 3}
  m_Name: 
  m_EditorClassIdentifier: 
  VerticalBobFrequency: 1
  BobbingAmount: 0.3
  RotatingSpeed: 360
  PickupSfx: {fileID: 8300000, guid: 7b83d61917ac1224f942a0609b1221f2, type: 3}
  PickupVfxPrefab: {fileID: 0}
  WeaponPrefab: {fileID: 2884887859573368693, guid: 9b0650a30782b1c48a4efddf2f7ec4c7,
    type: 3}
--- !u!1 &3560916162435577076
GameObject:
  m_ObjectHideFlags: 0
  m_CorrespondingSourceObject: {fileID: 0}
  m_PrefabInstance: {fileID: 0}
  m_PrefabAsset: {fileID: 0}
  serializedVersion: 6
  m_Component:
  - component: {fileID: 3339168780341574169}
  m_Layer: 0
  m_Name: Mesh
  m_TagString: Untagged
  m_Icon: {fileID: 0}
  m_NavMeshLayer: 0
  m_StaticEditorFlags: 0
  m_IsActive: 1
--- !u!4 &3339168780341574169
Transform:
  m_ObjectHideFlags: 0
  m_CorrespondingSourceObject: {fileID: 0}
  m_PrefabInstance: {fileID: 0}
  m_PrefabAsset: {fileID: 0}
  m_GameObject: {fileID: 3560916162435577076}
  m_LocalRotation: {x: 0, y: 0, z: 0, w: 1}
  m_LocalPosition: {x: 0, y: 0, z: 0}
  m_LocalScale: {x: 1, y: 1, z: 1}
  m_Children:
  - {fileID: 6672876847427813879}
  m_Father: {fileID: 2381925846295984654}
  m_RootOrder: 0
  m_LocalEulerAnglesHint: {x: 0, y: 0, z: 0}
--- !u!1001 &7775460293957340382
PrefabInstance:
  m_ObjectHideFlags: 0
  serializedVersion: 2
  m_Modification:
    m_TransformParent: {fileID: 3339168780341574169}
    m_Modifications:
    - target: {fileID: 3998398032984296745, guid: 9b0650a30782b1c48a4efddf2f7ec4c7,
        type: 3}
      propertyPath: m_RootOrder
      value: 0
      objectReference: {fileID: 0}
    - target: {fileID: 3998398032984296745, guid: 9b0650a30782b1c48a4efddf2f7ec4c7,
        type: 3}
      propertyPath: m_LocalPosition.x
      value: 0
      objectReference: {fileID: 0}
    - target: {fileID: 3998398032984296745, guid: 9b0650a30782b1c48a4efddf2f7ec4c7,
        type: 3}
      propertyPath: m_LocalPosition.y
      value: 0
      objectReference: {fileID: 0}
    - target: {fileID: 3998398032984296745, guid: 9b0650a30782b1c48a4efddf2f7ec4c7,
        type: 3}
      propertyPath: m_LocalPosition.z
      value: 0
      objectReference: {fileID: 0}
    - target: {fileID: 3998398032984296745, guid: 9b0650a30782b1c48a4efddf2f7ec4c7,
        type: 3}
      propertyPath: m_LocalRotation.w
      value: 1
      objectReference: {fileID: 0}
    - target: {fileID: 3998398032984296745, guid: 9b0650a30782b1c48a4efddf2f7ec4c7,
        type: 3}
      propertyPath: m_LocalRotation.x
      value: 0
      objectReference: {fileID: 0}
    - target: {fileID: 3998398032984296745, guid: 9b0650a30782b1c48a4efddf2f7ec4c7,
        type: 3}
      propertyPath: m_LocalRotation.y
      value: 0
      objectReference: {fileID: 0}
    - target: {fileID: 3998398032984296745, guid: 9b0650a30782b1c48a4efddf2f7ec4c7,
        type: 3}
      propertyPath: m_LocalRotation.z
      value: 0
      objectReference: {fileID: 0}
    - target: {fileID: 3998398032984296745, guid: 9b0650a30782b1c48a4efddf2f7ec4c7,
        type: 3}
      propertyPath: m_LocalEulerAnglesHint.x
      value: 0
      objectReference: {fileID: 0}
    - target: {fileID: 3998398032984296745, guid: 9b0650a30782b1c48a4efddf2f7ec4c7,
        type: 3}
      propertyPath: m_LocalEulerAnglesHint.y
      value: 0
      objectReference: {fileID: 0}
    - target: {fileID: 3998398032984296745, guid: 9b0650a30782b1c48a4efddf2f7ec4c7,
        type: 3}
      propertyPath: m_LocalEulerAnglesHint.z
      value: 0
      objectReference: {fileID: 0}
    - target: {fileID: 4666349732864907134, guid: 9b0650a30782b1c48a4efddf2f7ec4c7,
        type: 3}
      propertyPath: m_Name
      value: Weapon_Rifle
      objectReference: {fileID: 0}
    m_RemovedComponents: []
  m_SourcePrefab: {fileID: 100100000, guid: 9b0650a30782b1c48a4efddf2f7ec4c7, type: 3}
--- !u!4 &6672876847427813879 stripped
Transform:
  m_CorrespondingSourceObject: {fileID: 3998398032984296745, guid: 9b0650a30782b1c48a4efddf2f7ec4c7,
    type: 3}
  m_PrefabInstance: {fileID: 7775460293957340382}
  m_PrefabAsset: {fileID: 0}
